% Encoding: UTF8

@BOOK{moldovyan2007innovative,
    title = {{Innovative cryptography}},
    author = {{Moldovyan, N. and Moldovyan, A.}},
    isbn = {{9781584504672}},
    lccn = {{2006009839}},
    series = {{Programming Series}},
    url = {{http://books.google.com.ua/books?id=VtNQAAAAMAAJ}},
    year = {{2007}},
    publisher = {{Charles River Media}}
}


@ARTICLE{driessen:satphones, 
    author = {{Benedikt Driessen}},
    title = {{Eavesdropping on Satellite Telecommunication Systems (draft)}},
    year = {{2012}},
    institution = {{Ruhr-University Bochum}},
    url = {{http://eprint.iacr.org/2012/051.pdf}} 
}


@ARTICLE{kiyanchuk:zuc, 
    author = {{Kiyanchuk, R. I.  and Oliynykov, R. V.}},
    title = {{Linear transformation properties of ZUC cipher}},
    journal = {{Visnyk: Mathematical modeling. Information Technologies. Automated control systems}},
    year = {{2012}},
    institution = {{V. N. Karazin Kharkiv National University}} 
}


@BOOK{robshaw:rsa:streamciphers,
    author  = {{M. Robshaw}},
    title   = {{Technical Report 701: Stream Ciphers}},
    year    = {{1995}},
    month   = {{Jul}},
    publisher = {{RSA Laboratories}}
}


@ARTICLE{shannon:secrecy, 
    author  = {{Shannon, C. E.}}, 
    title   = {{Communication theory of secrecy systems}}, 
    journal = {{Bell System Technical Journal}}, 
    volume  = {{28}},
    pages   = {{657--715}}, 
    year    = {{1949}}
}

@BOOK{menezes:applied_cryptography,
    title       = {{Handbook of applied cryptography}}, 
    booktitle   = {{Handbook of applied cryptography}}, 
    author      = {{Alfred J. Menezes and Paul C. van Oorschot and Scott A.
        Vanstone}}, 
    year        = {{1996}}, 
    ISBN        = {{0--8493--8523--7}}, 
    MR          = {{99g:94015}}, 
    publisher   = {{CRC Press}}, 
    address     = {{Boca Raton, Florida}}, 
    url = {{http://cacr.math.uwaterloo.ca/hac}}
}

@BOOK{schneier:applied_cryptography:2,
    edition	    = {{2nd}},
    title	    = {{Applied cryptography: protocols, algorithms, and source
        code in C}},
    booktitle	= {{Applied cryptography: protocols, algorithms, and source
        code in C}},
    author	    = {{Bruce Schneier}},
    ISBN	    = {{0--471--12845--7}},
    publisher	= {{Wiley}},
    address	    = {{New York}},
    year	    = {{1996}}
}

@BOOK{joux:algorithmic_cryptanalysis,
    author  = {{Joux, Antoine}},
    title   = {{Algorithmic Cryptanalysis}},
    year    = {{2009}},
    isbn    = {{1420070029, 9781420070026}},
    publisher = {{Chapman \& Hall/CRC}}
}

@MISC{usm:streamciphers,
    author = {{Khaled Suwais and Azman Samsudin}},
    institution = {{Universiti Sains Malaysia}}, 
    title = {{New Classification of Existing Stream Ciphers}}
}


@BOOK{encyclopedia_of_cryptography,
    editor  = {{Tilborg, van, H.}}, 
    title   = {{Encyclopedia of Cryptography and Security}}, 
    year    = {{2005}}, 
    publisher = {{Springer}}
}

@PROCEEDINGS{dblp:conf/fse/2005,
    editor    = {{Henri Gilbert and Helena Handschuh}},
    title     = {{Fast Software Encryption: 12th International Workshop, FSE
        2005, Paris, France, February 21-23, 2005, Revised Selected
            Papers}},
    booktitle = {{FSE}},
    publisher = {{Springer}},
    series    = {{Lecture Notes in Computer Science}},
    volume    = {{3557}},
    year      = {{2005}},
    isbn      = {{3-540-26541-4}},
    bibsource = {{DBLP, http://dblp.uni-trier.de}}
}

@INPROCEEDINGS{dblp:conf/fse/klimovs05,
    author    = {{Alexander Klimov and Adi Shamir}},
    title     = {{New Applications of T-Functions in Block Ciphers and Hash Functions}},
    booktitle = {{FSE}},
    year      = {{2005}},
    pages     = {{18-31}},
    ee        = {{http://dx.doi.org/10.1007/11502760_2}},
    crossref  = {{DBLP:conf/fse/2005}},
    bibsource = {{DBLP, http://dblp.uni-trier.de}}
}

@PROCEEDINGS{dblp:conf/ches/2002,
    editor    = {{Burton S. Kaliski Jr. and \c{C}etin Kaya Ko\c{c} and Christof Paar}},
    title     = {{Cryptographic Hardware and Embedded Systems - CHES 2002,
        4th International Workshop, Redwood Shores, CA, USA, August
            13-15, 2002, Revised Papers}},
    booktitle = {{CHES}},
    publisher = {{Springer}},
    series    = {{Lecture Notes in Computer Science}},
    volume    = {{2523}},
    year      = {{2003}},
    isbn      = {{3-540-00409-2}},
    bibsource = {{DBLP, http://dblp.uni-trier.de}}
}

@INPROCEEDINGS{klimov:tfunc,
    author    = {{Alexander Klimov and Adi Shamir}},
    title     = {{A New Class of Invertible Mappings}},
    booktitle = {{CHES}},
    year      = {{2002}},
    pages     = {{470-483}},
    ee        = {{http://dx.doi.org/10.1007/3-540-36400-5_34}},
    crossref  = {{DBLP:conf/ches/2002}},
    bibsource = {{DBLP, http://dblp.uni-trier.de}}
}

@PROCEEDINGS{mycrypt/2005,
    editor    = {{Ed Dawson and Serge Vaudenay}},
    title     = {{Progress in Cryptology - Mycrypt 2005, First International
        Conference on Cryptology in Malaysia, Kuala Lumpur, Malaysia,
        September 28-30, 2005, Proceedings}},
    booktitle = {{Mycrypt}},
    publisher = {{Springer}},
    series    = {{Lecture Notes in Computer Science}},
    volume    = {{3715}},
    year      = {{2005}},
    isbn      = {{3-540-28938-0}}
}

@INPROCEEDINGS{mycrypt/kunzli_jm05,
    author    = {{Simon K{\"u}nzli and Pascal Junod and Willi Meier}},
    title     = {{Distinguishing Attacks on T-Functions}},
    booktitle = {{Mycrypt}},
    year      = {{2005}},
    pages     = {{2-15}},
    crossref  = {{mycrypt/2005}}
}



@TECHREPORT{3gpp:uea2_doc1, 
    author  = {{ETSI/SAGE Task Force}}, 
    title   = {{Specification of the 3GPP Confidentiality and Integrity
        Algorithms UEA2 \& UIA2. Document 1: UEA2 and UIA2 Specification}}, 
    note    = {{Version: 2.1}}, 
    year    = {2009},
    institution = {{3GPP}}
}                        

@TECHREPORT{3gpp:uea2_doc2, 
    author  = {{ETSI/SAGE Task Force}}, 
    title   = {{Specification of the 3GPP Confidentiality and Integrity
        Algorithms UEA2 \& UIA2. Document 2: SNOW 3G Specification}}, 
    note    = {{Version: 1.1}}, 
    year    = {2006},
    institution = {{3GPP}}
}

@TECHREPORT{3gpp:uea2_doc5, 
    author  = {{ETSI/SAGE Task Force}}, 
    title   = {{Specification of the 3GPP Confidentiality and Integrity
        Algorithms UEA2 \& UIA2. Document 5: Design and Evaluation Report}}, 
    note    = {{Version: 1.1}}, 
    year    = {2006},
    institution = {{3GPP}}
}

1. ZUC discussion forum ().

@MISC{zuc:forum,
    title = {{ZUC discussion forum}}, 
    url = {{http://zucalg.forumotion.net/}}
}

@MISC{zuc:dacas-page,
    title = {{Official ZUC cipher page on DACAS}}, 
    url = {{http://zuc.dacas.cn/Default.aspx}}
}

@MISC{Walker:ent,
    title = {{ENT â€” A Pseudorandom Number Sequence Test Program}},
    author = {{John Walker}}, 
    year = {{1998}}, 
    url = {{http://www.fourmilab.ch/random/}}
}


@TECHREPORT{3gpp:eea3_doc2, 
    author  = {{ETSI/SAGE Task Force}}, 
    title   = {{Specification of the 3GPP Confidentiality and Integrity
        Algorithms 128-EEA3 \& 128-EIA3. Document 2: ZUC Specification}}, 
    note    = {{Version: 1.6}}, 
    year    = {2011},
    institution = {{3GPP}}
}

@TECHREPORT{3gpp:eea3_doc4, 
    author  = {{ETSI/SAGE Task Force}}, 
    title   = {{Specification of the 3GPP Confidentiality and Integrity
        Algorithms 128-EEA3 \& 128-EIA3. Document 4: Design and Evaluation Report}}, 
    note    = {{Version: 1.3}}, 
    year    = {2011},
    institution = {{3GPP}}
}

@INCOLLECTION{secsi:2007,
    author      = {{C. Rolfes and A. Poschmann and C. Paar}},
    title       = {{Security for 1000 Gate Equivalents}},
    booktitle   = {{ecrypt workshop SECSI - Secure Component and System Identification}},
    year        = {{2008}}
}

@INCOLLECTION{ches:present:2007,
    author      = {{A. Bogdanov and L.R. Knudsen and G. Leander and C. Paar and
        A. Poschmann and M.J.B. Robshaw and Y. Seurin and and C. Vikkelsoe}},
    title       = {{PRESENT: An Ultra-Lightweight Block Cipher}},
    booktitle   = {{Proceedings of CHES 2007}},
    publisher   = {{Springer-Verlag}},
    year        = {{2007}}
}

@MISC{cryptoeprint:2009_516,
    author = {{Axel Poschmann}},
    title = {{Lightweight Cryptography - Cryptographic Engineering for a Pervasive World}},
    howpublished = {{Cryptology ePrint Archive, Report 2009/516}},
    year = {{2009}},
    url = {{http://eprint.iacr.org/}}
}

@INCOLLECTION{desl:fse:2007, 
    author      = {{G. Leander and C. Paar and A. Poschmann and K. Schramm}},
    title       = {{New Lightweight DES Variants}},
    booktitle   = {{Proceedings of Fast Software Encryption 2007 -- FSE 2007}},
    publisher   = {{Springer-Verlag}},
    year        = {{2007}}
}

@INPROCEEDINGS{DBLP:conf:ches:HongSHLLKLCLJKKC06,
    author    = {{Deukjo Hong and Jaechul Sung and Seokhie Hong and others}}, 
    title     = {{HIGHT: A New Block Cipher Suitable for Low-Resource Device}}, 
    booktitle = {{CHES}}, 
    year      = {{2006}}, 
    pages     = {{46-59}}, 
    ee        = {{http://dx.doi.org/10.1007/11894063_4}}, 
        crossref  = {{DBLP:conf:ches:2006}}, 
    bibsource = {{DBLP, http://dblp.uni-trier.de}}
}

@PROCEEDINGS{DBLP:conf:ches:2006,
    editor    = {{Louis Goubin and Mitsuru Matsui}},
    title     = {{Cryptographic Hardware and Embedded Systems - CHES 2006,
        8th International Workshop, Yokohama, Japan, October 10-13,
        2006, Proceedings}},
    booktitle = {{CHES}},
    publisher = {{Springer}},
    series    = {{Lecture Notes in Computer Science}},
    volume    = {{4249}},
    year      = {{2006}},
    isbn      = {{3-540-46559-6}},
    bibsource = {{DBLP, http://dblp.uni-trier.de}}
}

@MISC{lwc:lounge,
    title           = {{European Network of Excellence in Cryptology II}}, 
    year            = {{2008}}, 
    url    = {{http://www.ecrypt.eu.org/}}
}

@MISC{estream,
    title = {{The eSTREAM Project}}, 
    url = {{http://www.ecrypt.eu.org/stream/}}, 
        year  = {{2005}}
}

@MISC{secproject,
    title = {{A5/1 Security Project}}, 
    url = {{http://reflextor.com/trac/a51}}
}

@BOOK{rueppel1986analysis,
    title = {{Analysis and design of stream ciphers}},
    author = {{Rueppel, R.A.}},
    isbn = {{9783540168706}},
    lccn = {{86017663}},
    series = {{Communications and control engineering series}},
    url = {{http://books.google.com.ua/books?id=2P1SAAAAMAAJ}},
    year = {{1986}},
    publisher = {{Springer}}
}


@TECHREPORT{3gpp:a52:2007,
    title       = {{Projhibiting A5/2 in mobile stations and other clarifications regarding A5 algorithm support}}, 
    year        = {{2007}}, 
    note        = {{Meeting \#48, Montreal}}, 
    institution = {{3GPP TSG-SA WG3 (Security)}}
}

@INPROCEEDINGS{lwc:wireless:seys,
    author      = {{Stefaan Seys}}, 
    title       = {{Lightweight Cryptography Enabling Secure Wireless Networks}}, 
    booktitle   = {{Workshop on Security Issues in Mobile and Wireless Heterogeneous Networks}}, 
    year        = {{2004}}, 
    month       = {{December}}, 
    address     = {{Brussels}}, 
    howpublished = {{Computer Security and Industrial Cryptography (COSIC)}}, 
    organization = {{Katholieke Universiteit Leuven/Dept. Elektrotechniek (ESAT)}}
    url = {http://www.esat.kuleuven.ac.be/scd/}, 
}

@PROCEEDINGS{lwc:survey:2007,
    author      = {{Thomas Eisenbarth and Christof Paar and Axel Poschmann and Sandeep Kumar and Leif Uhsadel}}, 
    title       = {{A Survey of Lightweight-Cryptography Implementations}}, 
    booktitle   = {{Design and Test of ICs for Secure Embedded Computing}}, 
    publisher   = {{Copublished by the IEEE CS and the IEEE CASS}} , 
    year        = {{2007}}, 
    month       = {{November -- December}}
}

@TECHREPORT{lwc:poschmann:2007,
    author      = {{Axel Poschmann}}, 
    title       = {{Lightweight Cryptography From an Engineers Perspective}}, 
    year        = {{2007}}, 
    institution = {{Horst-GÃ¶rtz Institut fÃ¼r IT Sicherheit}}
}

@INPROCEEDINGS{sea,
    author      = {{FranÃ§ois-xavier St and Gilles Piret and Neil Gershenfeld and Jean-jacques Quisquater}}, 
    title       = {{SEA: A Scalable Encryption Algorithm for Small Embedded Applications}}, 
    booktitle   = {{Smart Card Research and Applications, Proceedings of CARDIS 2006, LNCS}}, 
    year        = {{2006}}, 
    pages       = {{222--236}}, 
    publisher   = {{Springer-Verlag}}
}

}

@INPROCEEDINGS{poschmann:gost,
    author      = {{Poschmann, Axel and Ling, San and Wang, Huaxiong}}, 
    title       = {{256 bit standardized crypto for 650 GE: GOST revisited}}, 
    booktitle   = {{Proceedings of the 12th international conference on 
        Cryptographic hardware and embedded systems}}, 
    series      = {{CHES'10}}, 
    year        = {{2010}}, 
    isbn        = {{3-642-15030-6, 978-3-642-15030-2}}, 
    location    = {{Santa Barbara, CA}}, 
    pages       = {{219--233}}, 
    numpages    = {{15}}, 
    url         = {{http://portal.acm.org/citation.cfm?id=1881511.1881531}}, 
        acmid       = {{1881531}}, 
    publisher   = {{Springer-Verlag}}, 
    address     = {{Berlin, Heidelberg}}, 
    keywords    = {{ASIC, GOST, lightweight cryptography}}
} 

@TECHREPORT{rRUK01a,
    author = {{A. Rukhin and J. Soto and J. Nechvatal and M. Smid and
        E. Barker and S. Leigh and M. Levenson and M. Vangel and
            D. Banks and A. Heckert and J. Dray and S. Vo}},
    title  = {{A Statistical Test Suite for Random and Pseudorandom Number
        Generators for Cryptographic Applications}},
    institution = {{National Institute of Standards and Technology ({NIST})}},
    address   = {{Gaithersburg, MD, USA}},
    year      = {2001},
    type      = {{{NIST} Special Publication 800-22}},
    pages     = {I--151}, 
    url      = {http://csrc.nist.gov/rng/}
}

@INPROCEEDINGS{collard:present,
    author      = {{Collard, B. and Standaert, F. -X.}},
    title       = {{A Statistical Saturation Attack against the Block Cipher PRESENT}},
    booktitle   = {{Proceedings of the The Cryptographers' Track at the RSA Conference 2009 on Topics in Cryptology}},
    series      = {{CT-RSA '09}},
    year        = {{2009}},
    isbn        = {{978-3-642-00861-0}},
    location    = {{San Francisco, CA}},
    pages       = {{195--210}},
    numpages    = {{16}},
    url         = {{http://dx.doi.org/10.1007/978-3-642-00862-7_13}},
    doi         = {{http://dx.doi.org/10.1007/978-3-642-00862-7_13}},
    acmid       = {{1537997}},
    publisher   = {{Springer-Verlag}},
    address     = {{Berlin, Heidelberg}}
} 


@BOOK{daemen:rijndael,
    address     = {{Berlin, Heidelberg, New York}},
    author      = {{Joan Daemen and Vincent Rijmen}},
    interhash   = {{c51b659f90002effced5d14a32b804fc}},
    intrahash   = {{01799d477c360b9adef0dbd1e6cce04e}},
    publisher   = {{Springer Verlag}},
    title       = {{The Design of Rijndael: AES - The Advanced Encryption Standard}},
    year        = {{2002}},
    timestamp   = {{2008-12-05T20:59:29.000+0100}},
    keywords    = {{cryptography www01 wwwbook wwwkap5}},
    added-at    = {{2008-12-05T20:59:29.000+0100}},
    description = {{dblp}},
    isbn        = {{3-540-42580-2}},
    biburl      = {{http://www.bibsonomy.org/bibtex/201799d477c360b9adef0dbd1e6cce04e/lysander07}},
    date        = {{2002-08-29}}
}

@BOOK{StampLow:AppliedCryptanalysis,
    author = {{Mark Stamp and Richard M. Low}},
    title = {{Applied Cryptanalysis: Breaking Ciphers in the Real World}},
    publisher = {{Wiley-Interscience}},
    year = {{2007}},
    isbn = {{978-0470114865}},
    abstract = {{The book is designed to be accessible to motivated
        IT professionals who want to learn more about the
            specific attacks covered. In particular, every
            effort has been made to keep the chapters
            independent, so if someone is interested in has
            function cryptanalysis or RSA timing attacks, they
            do not necessarily need to study all of the
                previous material in the text. This would be
                    particularly valuable to working professionals who
                    might want to use the book as a way to quickly
                    gain some depth on one specific topic.}},
    url = {{http://www.truststc.org/pubs/200.html}}
}

@TECHREPORT{Quisquater:sidechannel,
    author = {{Jean-Jacques Quisquater, et al.}}, 
    title = {{Side channel attacks. State-of-the-art.}}, 
    year = {2002}
}

@book{bard2009algebraic,
    title = {{Algebraic Cryptanalysis}},
    author = {{Bard, G.V.}},
    isbn = {{9781441910196}},
    url = {{http://books.google.com.ua/books?id=PYs4Vjdo0z0C}},
    year = {{2009}},
    publisher = {{Springer Science \& Business Media}}
}

@PHDTHESIS{Albrecht2010,
    author = {{Martin Albrecht}},
    title = {{Algorithmic Algebraic Techniques and their Application to Block Cipher Cryptanalysis}},
    school = {{Royal Holloway}},
    address = {{University of London, UK}},
    year = {{2010}},
    url = {{http://www.sagemath.org/files/thesis/albrecht-thesis-2010.pdf}},
}

@MASTERSTHESIS{Albrecht2006,
    author = {{Martin Albrecht}},
    title = {{Algebraic Attacks on the Courtois Toy Cipher}},
    school = {{Department of Computer Science}},
    address = {{Universit\"at Bremen, Germany}},
    year = {{2006}},
    url = {{http://www.sagemath.org/files/thesis/albrecht-thesis-2006.pdf}}
}

@INPROCEEDINGS{Courtois:MQ-NPhard,
    author = {{Nicolas Courtois and Er Klimov and Jacques Patarin and Adi Shamir}},
    title = {{Efficient Algorithms for Solving Overdefined Systems of Multivariate Polynomial Equations}},
    booktitle = {{In Advances in Cryptology, Eurocryptâ€™2000, LNCS 1807}},
    year = {{2000}},
    pages = {{392--407}},
    publisher = {{Springer-Verlag}}
}


@INPROCEEDINGS{DBLP:conf/asiacrypt/CourtoisP02,
    author    = {{Nicolas Courtois and Josef Pieprzyk}},
    title     = {{Cryptanalysis of Block Ciphers with Overdefined Systems of Equations}},
    booktitle = {{ASIACRYPT}},
    year      = {{2002}},
    pages     = {{267-287}},
    ee        = {{http://dx.doi.org/10.1007/3-540-36178-2_17}},
    crossref  = {{DBLP:conf/asiacrypt/2002}},
    bibsource = {{DBLP, http://dblp.uni-trier.de}}
}

@PROCEEDINGS{DBLP:conf/asiacrypt/2002,
    editor    = {{Yuliang Zheng}},
    title     = {{Advances in Cryptology - ASIACRYPT 2002, 8th International
        Conference on the Theory and Application of Cryptology and
            Information Security, Queenstown, New Zealand, December
            1-5, 2002, Proceedings}},
    booktitle = {{ASIACRYPT}},
    publisher = {{Springer}},
    series    = {{Lecture Notes in Computer Science}},
    volume    = {{2501}},
    year      = {{2002}},
    isbn      = {{3-540-00171-9}},
    bibsource = {{DBLP, {http://dblp.uni-trier.de}}}}
    }

@PHDTHESIS{Pyshkin2008:groebner,
    month = {{July}},
    title = {{Algebraic Cryptanalysis of Block Ciphers Using Groebner Bases}},
    school = {{TU Darmstadt}},
    author = {{Andrey Pyshkin}},
    year = {{2008}},
    keywords = {{cryptanalysis, algebraic cryptanalysis, side-channel cryptanalysis, algebraic collision attack, Groebner basis attack, block cipher, Groebner Basis, semi-regular sequence, AES, Flurry, Curry}},
    url = {{http://tuprints.ulb.tu-darmstadt.de/1060/}},
}

@ARTICLE{springerlink:10.1007/s11786-009-0016-7,
    author = {{Eibach, Tobias and VÃ¶lkel, Gunnar and Pilz, Enrico}},
    affiliation = {{Institute of Theoretical Computer Science, Ulm University, James-Franck-Ring 27, 89069 Ulm, Germany}},
    title = {{Optimising GrÃ¶bner Bases on Bivium}},
    journal = {{Mathematics in Computer Science}},
    publisher = {{BirkhÃ¤user Basel}},
    issn = {{1661-8270}},
    keyword = {{Mathematics and Statistics}},
    pages = {{159-172}},
    volume = {{3}},
    issue = {{2}},
    url = {{http://dx.doi.org/10.1007/s11786-009-0016-7}},
    year = {{2010}}
}

@ARTICLE{Golovashych:labyrinth,
    author = {{Golovashych, S. A.}},
    affiliation = {{LLC Cryptomash}},
    title = {{Labyrinth symmetric block cipher}},
    journal = {{Information processing systems}},
    issn = {{1681-7710}},
    udc = {{681.3.06 : 519.248.681}}
    pages = {{16-29}},
          volume = {{4}},
          issue = {{62}},
          year = {{2007}}
}

@MISC{cryptoeprint:2007:024,
    author = {{Gregory V. Bard, and Nicolas T. Courtois, and Chris Jefferson.}},
    title = {{Efficient Methods for Conversion and Solution of Sparse Systems
        of Low-Degree Multivariate Polynomials over GF(2) via SAT-Solvers}},
    howpublished = {{Cryptology ePrint Archive, Report 2007/024}},
    year = {{2007}},
    url = {{http://eprint.iacr.org/}}
}


@MISC{cryptoeprint:2011:626,
    author = {{Nicolas T. Courtois}},
    title = {{Algebraic Complexity Reduction and Cryptanalysis of GOST}},
    howpublished = {{Cryptology ePrint Archive, Report 2011/626}},
    year = {{2011}},
    url = {{http://eprint.iacr.org/}}
}

@MISC{Courtois:cryptoeprint_2011,
    author = {{Nicolas T. Courtois}},
    title = {{Security Evaluation of GOST 28147-89 In View Of International Standardisation}},
    howpublished = {{Cryptology ePrint Archive, Report 2011/211}},
    year = {{2011}},
    url = {{http://eprint.iacr.org/}}
}

@MISC{saarinen1998:sboxes,
    author = {{Saarinen, M.-J.}},
    title = {{A chosen Key attack against the secret S-boxes of GOST}},
    year = {{1998}},
    note = {{unpublished manuscript}}
}

@STANDARD{GOST28147,
    title = {{GOST 28147-89 Information processing systems. Cryptographic
        security. Cryptographic transformation algorithm. [In~Russian]}}, 
    year = {1990}
}

@STANDARD{GOST3411,
    title = {{GOST~R~34.11-94 Information technology. Cryptographic information
        security. Hash function. [In~Russian]}}, 
    year = {1995}
}

@ARTICLE{kleiman:xsl,
    location = {{http://www.scientificcommons.org/33776515}},
    title = {{The XL and XSL attacks on Baby Rijndael /}},
    author = {{Kleiman, Elizabeth.}},
    year = {{2005}},
    abstract = {{There are several recently proposed algorithms for solving the
        over defined MQ problem, two of them are XL represented by N. Courtois,
        A. Klimov, J. Patarin, A. Shamir in the article "Efficient Algorithms
            for solving Over defined System of Multivariate Polynomial
                Equations" and XSL represented by N. Courtois and J. Pieprzyk
                    in "Cryptanalysis of Block Cipher with Over defined System
                    of Equations". There is an opinion that these algorithms
                    may be used as an attack on AES, because AES can be
                    represented as an over defined MQ problem. In our research
                    we constructed a new cipher called Baby Rijndael. It is a
                    scaled-down version of Rijndael with the same algebraic
                    structure. We apply the XL and XSL attacks on Baby Rijndael
                    to see if it might be possible to apply them on AES.}},
    url = {{http://worldcat.org/oclc/64635820}},
    institution = {{OCLC's Experimental Thesis Catalog [http://alcme.oclc.org/xtcat/servlet/OAIHandler] (United States)}},
}

@MISC{soos:cryptominisat, 
    title = {{CryptoMiniSat solver}}, 
    author = {{Mate Soos}}, 
    year = {2012}, 
    url = {{http://www.msoos.org/cryptominisat2/}}
}

@INPROCEEDINGS{Vondruska_a.rijndael,
    author = {{Daemen, J. and Rijmen, V. and Barreto, P.S.L.M.}},
    title = {{Rijndael: Beyond the AES}}, 
    booktitle = {{MikulÃ¡Å¡skÃ¡ kryptobesÃ­dka 2002â€” Third Czech and Slovak Cryptography}},
    year = {2002}
}

@BOOK{kahn1996codebreakers,
    title = {{The Codebreakers: The Story of Secret Writing}},
    author = {{Kahn, D.}},
    isbn = {{9780684831305}},
    lccn = {{96031318}},
    url = {{http://books.google.com.ua/books?id=SEH\_rHkgaogC}},
    year = {{1996}},
    publisher = {{Scribner}}
}

@STANDARD{isoiec-29192,
    title = {{ISO/IEC 29192-2:2012 Information technology -- Security techniques -- Lightweight cryptography -- Part 2: Block ciphers}}
}

@STANDARD{isoiec-18033,
    title = {{ISO/IEC 18033-3:2010 Information technology -- Security techniques -- Encryption algorithms -- Part 3: Block ciphers}} 

}

@INPROCEEDINGS{DBLP:conf/fse/BiryukovSW00,
    author    = {{Alex Biryukov and Adi Shamir and David Wagner}},
    title     = {{Real Time Cryptanalysis of A5/1 on a PC}},
    booktitle = {{FSE}},
    year      = {{2000}},
    pages     = {{1-18}},
    ee        = {{http://dx.doi.org/10.1007/3-540-44706-7_1}},
    crossref  = {{DBLP:conf/fse/2000}},
    bibsource = {{DBLP, http://dblp.uni-trier.de}}
}

@PROCEEDINGS{DBLP:conf/fse/2000,
    editor    = {{Bruce Schneier}},
    title     = {{Fast Software Encryption, 7th International Workshop, FSE
        2000, New York, NY, USA, April 10-12, 2000, Proceedings}},
    booktitle = {{FSE}},
    publisher = {{Springer}},
    series    = {{Lecture Notes in Computer Science}},
    volume    = {{1978}},
    year      = {{2001}},
    isbn      = {{3-540-41728-1}},
    bibsource = {{DBLP, http://dblp.uni-trier.de}}
}

@MISC{nist-sts, 
    title = {{A Statistical Test Suite for Random and Pseudorandom Number Generators for Cryptographic Applications}}, 
    institution = {{National Institute of Standards and Technology (NIST)}}
    year = {{2001}}
}

%%% sage

@manual{sage,
    Key          = {Sage},
    Author       = {W.\thinspace{}A. Stein and others},
    Organization = {The Sage Development Team},
    Title        = {{S}age {M}athematics {S}oftware ({V}ersion 4.8)},
    url         = {{http://www.sagemath.org}},
    Year         = {2012},
}

@PHDTHESIS{Gash2008,
    month = {{July}},
    title = {{On efficient Computation of Gr\"obner Bases}},
    school = {{Indiana University}},
    howpublished = {{PhD thesis}}, 
    author = {{Justin Gash}},
    year = {{2008}},
    url = {{http://wiki.sagemath.org/days12/f5?action=AttachFile&do=view&target=gas%k-phd.pdf}}
}

@MISC{polybori, 
    title = {{A framework for Gr\"obner basis computations with Boolean polynomials}},
    author = {{Michael Brickenstein and Alexander Dreyer}}, 
    howpublished = {In {\em Electronic Proceedings of MEGA 2007}}, 
    url = {{http://www.ricam.oeaw.ac.at/mega2007/electronic/26.pdf}}
}

@MISC{singular, 
    institution = {{Centre for Computer Algebra, University of Kaiserslautern}}, 
    title = {{Singular 3.0. A Computer Algebra System for Polynomial Computations}},
    year = {2005}, 
    url = {{http://www.singular.uni-kl.de}},
    author = {{Greuel, G. M. and Pfister, G. and Sch\"onemann, H.}}
}

@MISC{sage-core,
    title = {{SAGE: A Computer System for Algebra and Geometry Experimentation}}, 
    author = {W.\thinspace{}A. Stein and others},
    organization = {The Sage Development Team},
    url = {{http://sage.math.washington.edu/sage}}
}

@MISC{zoresvit:thesis, 
    title = {{Bachelor Thesis}},
    author = {{Kiyanchuk, I. Ruslan}}, 
    organization = {{Kharkiv National University of Radio Electronics}}, 
    howpublished = {Github repository for \LaTeX\ source code},
    url = {{http://github.com/zoresvit/bachelor-thesis}}
}

@MISC{zoresvit:repo-algebraic, 
    title = {{GOST~28147-89 algebraic system generator}},
    author = {{Kiyanchuk, I. Ruslan}}, 
    organization = {{Kharkiv National University of Radio Electronics}}, 
    howpublished = {Github repository for algebraic cryptanalysis SAGE scripts},
    url = {{http://github.com/zoresvit/algebraic-analysis}}
}

@MISC{satrace2010,
    title = {{SAT-Race: a competitive event for solvers of the Boolean Satisfiability (SAT) problem}}, 
    year = {2010}
    url = {{http://baldur.iti.uka.de/sat-race-2010/}}
}

@MISC{anf2cnf,
    title = {{Module for converting polynomial system to the DIMACS CNF format and parsing the result}}, 
    author = {{Martin Albrecht and Mate Soos}},
    howpublished = {{Repository for experimentation with algebraic attacks}}, 
    url = {https://baitbucket.org/malb/algebraic_attacks/src/5d8dafeef675/anf2cnf.py}
}

%%%%%%%%%%%%%%% LABOUR PROTECTION

@STANDARD{npaop4-12,
    title = {{NPAOP 0.00-4.12-05. Model provision on education concerning labour protection}}
}

@STANDARD{snip,
    title = {{SniP 2.04.05-91*U. Building norms. Heating, ventilation, conditioning}}
}

@STANDARD{gost003,
    title = {{GOST 12.0.003-74. SSBT. Dangerous and harmful production factors.  Classification}}
}

@STANDARD{npaop1-21,
    title = {{NPAOP 40.1-1.21-98. Safety rules on operating with consumer electrical installations}}
}

@STANDARD{gost030,
    title = {{GOST 12.1.030-81. SSBT. Electrical safety. Protective grounding, neutral earthing}}
}

@STANDARD{napb001,
    title = {{NAPB B.03.001-2004. Model provisions on fire extinguishers availability}}
}

@STANDARD{napb002,
    title = {{NAPB B.03.002-2007. Regulations on fire and explosion safety category identification for premises, buildings, outdoor installations}}
}

@STANDARD{dbn_b11,
    title = {{DBN V.1.1.7-2002. Fire protection. Fire safety of industrial objects}}
}

@STANDARD{dsanpin,
    title = {{DSanPiN 3.3.2.007-98. State sanitation regulations for working with computer display terminals}}
}

%%%%%%%%%%%%%%%%%%%%%%%%%%%%%%%%%

@BOOK{babash:cryptography,
    title = {{Cryptography [In~Russian]}},
    series = {{Security aspects}},
    author = {{Babash, A and Shankin, H}},
    publisher ={{Moscow, Solon-Press}}, 
    year = {{2007}},
}
